1982 3198
959 214 1004 251 27

434 295 510 314 mm...

164 309 214 329 No.
284 311 373 330 PAGB..
424 328 515 348 ΡΛΙΑ.

632 365 661 398 3.
690 356 755 432 Dliv}
778 357 874 432 crecht
903 357 998 389 weiss
1021 367 1060 389 zu
1086 358 1311 390 administrirn
1334 360 1387 392 die

758 411 775 432 e
801 410 877 432 iem.

628 476 658 506 4
686 467 763 498 Von
800 467 936 508 vilerley
967 467 1117 509 gifftigen
1155 468 1291 508 Thiern,
1326 469 1387 501 wie

714 521 792 542 man
819 511 924 552 jhnen
955 511 1013 543 das
1043 511 1114 553 gifft
1151 522 1282 552 nemen,
1318 512 1387 544 und

714 554 830 586 todten
846 555 992 593 sol,
1376 557 1582 589 ‚Miinchen

623 597 646 622 S
647 605 676 623 ee
684 597 746 623 also
758 596 932 623 ἸτειοῑὲιῑΙείῐι
945 606 978 623 zu
988 597 1052 623 dem
1062 597 1231 624 Archidoxis
1243 598 1369 632 gehorig

449 658 485 691 13
562 661 595 685 v.
624 654 797 686 Excellent
827 655 895 694 (an)
927 654 1076 686 Treatise
1107 655 1262 698 teaching
1290 656 1386 688 howe

626 702 660 729 to
676 708 751 729 cure
767 698 823 730 the
841 699 1127 738 French-Pockes,
1408 700 1550 733 London

622 740 675 766 See
686 741 748 767 ako
762 741 784 766 F
786 747 933 767 rantzosen
945 741 1011 773 (von
1024 741 1098 774 den).

622 774 674 800 See
685 775 747 800 also
762 774 863 802 Morbo
876 774 936 807 (de)
948 774 1066 802 Gallico.

561 830 807 873 Experimenta.

621 875 674 900 See
687 874 822 901 Hundert
835 875 894 901 und
906 874 1053 901 vierzehen
1068 874 1278 909 Experimenta.

561 931 793 973 Experiments
809 932 876 964 and
893 932 1005 965 Cures.

619 974 838 1035 δεζῃέἷὲἓξίζξά
861 975 902 1007 (a)
925 975 981 1002 and
1005 975 1151 1002 fourteene
1181 975 1380 1009 Experiments

133 1054 168 1086 51¹
185 1062 225 1096 55
559 1065 746 1107 Explicatio
776 1066 902 1108 aliquot
932 1066 1209 1108 Aphorismorum
1250 1066 1380 1109 Hippo-

621 1109 728 1141 cratis.

619 1151 657 1177 In
671 1151 779 1178 Medici
793 1151 905 1184 Libelli,
949 1172 968 1178 ..
1050 1173 1070 1178 ..
1151 1172 1172 1179 ..
1252 1174 1256 1178 .
1268 1174 1273 1179 .
1352 1174 1358 1180 .
1368 1173 1375 1180 .
1404 1154 1475 1181 Coln

282 1204 359 1245 54b)
557 1208 746 1251 Explicatio
779 1209 905 1251 aliquot
937 1209 1215 1252 Aphorismorum
1250 1210 1379 1253 Hippo-

621 1252 742 1285 cratis:
787 1253 868 1284 item
906 1258 971 1285 tres
1008 1253 1105 1285 utiles
1144 1258 1300 1286 tractatus
1338 1254 1380 1286 de

619 1297 749 1328 occulta
786 1296 819 1328 vi
857 1301 889 1328 et
927 1297 1119 1338 operatione
1158 1298 1377 1337 Corallorum,

621 1339 782 1382 Hyperici
810 1344 842 1372 et
870 1341 1079 1372 Persicariae.
1144 1340 1178 1372 in
1205 1341 1379 1373 deutscher

619 1383 642 1415 S
645 1384 778 1425 prache,
977 1410 983 1416 .
1369 1386 1552 1428 ,Augusta

615 1394 667 1452 Sept
678 1427 740 1452 also
752 1426 1017 1459 Aphorismorum...
1040 1426 1225 1460 Hippocratis
1237 1427 1377 1461 genuinus

715 1469 822 1486 sensus.

613 1493 638 1520 S
638 1501 666 1520 ee
676 1494 737 1520 also
750 1493 902 1521 Afforismi.

402 1548 436 1580 in
452 1557 508 1581 101
553 1551 765 1593 Explication
795 1551 854 1583 der
884 1551 1076 1594 magischen
1115 1552 1259 1594 Figuren
1297 1553 1377 1585 iiber

617 1595 675 1626 das
692 1596 886 1637 Bapstumb.

613 1638 652 1663 In
669 1638 796 1670 Joannes
814 1639 850 1664 de
869 1637 1014 1672 Hyperiis'
1030 1638 1195 1670 Reformir-
1187 1639 1316 1673 -spzegel
1330 1639 1380 1666 des

646 1672 811 1699 weltliclzen
823 1673 941 1705 Bapsts,
1046 1691 1052 1698 .

156 1722 197 1763 78
426 1738 482 1771 131
551 1728 725 1771 Expositio
735 1739 812 1761 vera
824 1729 959 1760 harum'
951 1729 1132 1771 imaginum
1143 1729 1223 1761 olim
1235 1692 1374 1762 Nurem-

614 1773 734 1815 bergae
750 1778 953 1814 repertarum
974 1784 1014 1804 ex
1033 1773 1263 1805 fundatissimo
1279 1784 1374 1805 verae

614 1816 747 1858 Magiae
762 1816 930 1848 Vaticinio
946 1817 1101 1855 deducta,

610 1859 663 1885 See
674 1859 736 1885 also
749 1859 930 1892 Ausslegung
942 1860 992 1886 der
1007 1859 1138 1893 Figuren.

125 1918 158 1950 in
175 1927 217 1959 90
549 1922 826 1964 Eygensehafften
846 1923 938 1962 (von)
956 1922 1070 1955 emes..
1080 1922 1365 1956 ..Wundtartzets

608 1964 1169 2033 {5358AEaenlgssossffgm'ffiffitsagde){effeeti
1182 1998 1323 2032 Chirurgi.
1348 1985 1373 1992 ..
1401 1965 1568 1999 Sthburg

144 2071 205 2102 190
547 2061 735 2094 Fasciculus
765 2062 833 2094 ofte
865 2063 960 2094 Lust-
966 2062 1041 2094 Hof
1067 2062 1125 2094 der
1157 2062 1372 2094 Chimescher

611 2105 871 2148 Medicijnen,...
889 2106 1090 2148 Mitzgaders
1114 2116 1219 2137 eenen
1243 2105 1368 2138 Dictio-

609 2149 738 2181 narium
769 2149 934 2182 dienende
979 2155 1028 2181 tot
1065 2150 1251 2191 vertalingh
1289 2150 1369 2181 aller

608 2193 814 2234 onduytsche
840 2193 999 2226 woorden
1029 2193 1083 2225 die
1117 2194 1307 2225 Paracelsus
1334 2193 1368 2225 in

608 2247 687 2278 syne
705 2237 870 2270 Schriften
886 2237 913 2269 is
927 2237 1195 2279 gebruyckende,
1394 2237 1534 2270 Utrecht

140 2316 198 2350 135
439 2318 451 2341 1
543 2309 731 2342 Fasciculus
764 2309 987 2341 Paracelsicae
1021 2309 1211 2341 Medicinae
1238 2309 1367 2340 Veteris

606 2358 638 2385 et
662 2364 729 2385 non
754 2354 924 2392 Novae,...
953 2353 994 2384 In
1015 2364 1081 2394 quo
1101 2353 1142 2384 de
1159 2352 1239 2384 Vita
1256 2352 1367 2384 Morte

604 2402 636 2428 et
651 2397 913 2429 Resuscitatione
923 2407 1042 2436 rerum,
1058 2397 1099 2428 de
1110 2396 1233 2428 tuenda
1245 2401 1277 2428 et
1290 2407 1366 2428 con-

603 2441 764 2472 servanda
787 2440 981 2479 sanitate,...
1006 2441 1047 2472 de
1071 2440 1366 2482 praeparationibus
1401 2444 1403 2447 ’

604 2484 975 2516 medicamentorum...
1018 2485 1116 2523 Item,
1149 2484 1191 2515 de
1228 2494 1363 2524 genera-

603 2528 692 2559 tione
703 2528 894 2560 homunculi
905 2527 1077 2570 pygmei‚..
1086 2528 1198 2559 .Cum
1211 2527 1365 2559 Elucida-

603 2571 773 2603 tionibus.
829 2572 1054 2603 obscuriorum
1092 2581 1364 2613 quorumcunque

602 2615 749 2647 locorum
765 2620 865 2656 atque
881 2615 1075 2654 dictionum,
1350 2614 1591 2648 .Francofurt.

599 2658 652 2684 See
663 2658 724 2684 also
738 2657 956 2685 Dictionarium.

135 2725 194 2761 175
538 2720 704 2752 Fonderia
720 2721 819 2761 (13)...
846 2721 879 2753 N
882 2721 946 2753 ella
958 2721 1055 2763 quale
1070 2720 1098 2752 si
1114 2720 1267 2752 contiene
1278 2725 1364 2752 tutta

602 2763 695 2796 l’arte
711 2764 873 2806 spagirIca
888 2764 923 2796 di
940 2763 1113 2796 Teofrasto
1131 2765 1315 2803 Paracelso,
1330 2769 1362 2796 et

602 2818 659 2840 sue
674 2808 850 2846 medicine,
1192 2832 1229 2842 ...
1386 2808 1414 2840 F
1416 2807 1546 2840 iorenza

1668 566 1749 599 1570
1786 557 1821 597 4ο

1665 709 1747 742 1590
1784 700 1819 740 4⁰

1670 1157 1733 1188 15⁶7
1786 1156 1815 1187 4ε

1659 1386 1740 1428 1568
1779 1386 1814 1418 8⁰

1666 1676 1731 1701 1620
1783 1675 1810 1706 4⁰

1655 1824 1737 1860 1570
1775 1817 1810 1850 8ο

1659 1975 1722 1999 ¹57¹
1777 1966 1807 2000 4ο

1650 2238 1732 2278 1614
1769 2237 1803 2270 80

1643 2615 1721 2656 1581
1762 2614 1798 2655 4⁰

1642 2809 1724 2848 1604
1762 2808 1796 2841 8ο
