1940 3188
915 279 960 318 51

460 379 511 433 [p.
540 379 616 433 15].
676 380 837 419 Addam
856 379 1118 430 superioribus
1139 392 1228 430 quae
1247 380 1397 417 summa

702 458 793 483 cum
813 444 1016 495 diligentia
1036 444 1172 495 reperi.

412 513 551 551 Petrus
584 511 784 549 hassardus
815 510 856 548 in
886 510 1117 561 praefatione
1148 510 1236 549 libri
1270 508 1486 559 Chirurgiae
1519 507 1679 547 maioris

355 576 533 616 attribuit
562 576 618 615 illi
646 575 768 614 libros
798 575 838 613 in
871 575 1126 626 Philosophia
1151 577 1237 625 136.
1262 574 1302 613 in
1321 574 1522 613 medicina
1544 586 1604 622 70.
1636 573 1678 611 in

357 641 589 692 Theologia,
613 640 775 688 Iustitia,
797 640 975 679 Politicis
995 643 1031 680 δε
1052 640 1182 691 magia
1202 640 1436 690 complures.
1497 640 1677 688 Quorum

355 708 563 757 plerosque
582 706 661 744 iam
683 707 841 745 Adamo
862 706 885 744 a
907 706 1148 745 Bodenstein
1174 706 1379 750 debemus,
1400 703 1499 743 alios
1519 705 1543 742 ὲ.
1563 705 1676 742 Ioan.

355 773 534 812 Sculteto
555 774 753 810 Montano
774 771 1008 821 propediem
1029 773 1239 821 speramus.
1300 769 1410 808 Libri
1430 768 1594 820 quidem
1622 767 1678 806 illi

355 836 574 887 Chirurgiae
594 836 752 875 maioris
773 850 879 875 anno
900 836 1099 887 praeterito
1117 836 1158 874 in
1173 849 1314 874 manus
1330 848 1439 874 meas
1455 834 1678 873 inciderant

355 902 594 942 Germanica
617 901 750 952 lingua
776 908 829 941 no
853 902 877 940 a
905 903 1110 940 Paracelso
1138 900 1279 952 scripti,
1310 900 1332 940 e
1362 900 1504 951 quibus
1533 905 1679 950 magna

355 967 433 1007 iam
480 975 633 1018 partem
680 968 912 1006 vertendam
959 969 1011 1006 ab
1058 966 1287 1006 hominibus
1343 966 1487 1016 linguae
1543 963 1678 1015 peritis

355 1047 594 1072 curaueram.
654 1032 852 1072 Adiiciam
874 1034 1092 1071 Aureolum
1114 1031 1237 1082 ipsum
1259 1031 1339 1070 dici
1368 1029 1615 1081 praenomine
1635 1029 1676 1068 in

355 1098 455 1137 libro
477 1099 528 1138 de
547 1100 713 1137 Tartaro
736 1111 854 1148 quern
876 1111 949 1148 ego
970 1097 1093 1137 habui
1113 1111 1203 1136 cum
1221 1097 1303 1136 eius
1326 1095 1635 1147 expositionibus
1655 1094 1677 1134 e

355 1163 447 1202 viua
466 1177 566 1202 voce
586 1163 773 1213 exceptis.
834 1165 974 1213 Nuper
1000 1164 1154 1213 prorsus
1184 1162 1283 1200 alius
1306 1160 1358 1214 [p.
1388 1160 1452 1214 16]
1476 1160 1603 1200 editus
1626 1161 1679 1199 est
1747 1175 1750 1178 ·

355 1242 404 1268 ex
423 1228 537 1268 tertia
557 1228 704 1267 autoris
724 1228 998 1279 recognitione
1019 1235 1068 1266 cu
1089 1227 1355 1267 defefionibus
1375 1228 1472 1265 VH.
1495 1227 1678 1265 aduersus

355 1294 546 1333 medicos.
607 1295 745 1332 Petrus
767 1293 930 1344 quidem
953 1294 1168 1332 Hasfardus
1191 1292 1366 1343 Philippi
1388 1292 1505 1331 etiam
1527 1304 1676 1330 nomen

353 1359 410 1398 illi
429 1359 553 1398 addit,
613 1360 762 1398 Charta
782 1360 833 1397 de
854 1372 959 1398 noua
981 1360 1174 1397 methodo
1195 1357 1386 1397 medendi
1414 1357 1511 1395 mihi
1536 1358 1676 1395 eadem

354 1423 510 1464 videtur
539 1431 588 1462 οὔ
618 1438 666 1463 eo
695 1424 843 1469 libello,
867 1438 984 1474 quern
1017 1426 1191 1463 Ioannes
1211 1423 1378 1462 Vvierus
1405 1422 1470 1461 lib.
1495 1423 1545 1461 de
1577 1424 1680 1460 Prae-

355 1489 474 1540 stigiis
496 1491 685 1541 Demonfi
706 1490 881 1537 damnat,
902 1491 971 1528 sub
992 1490 1107 1528 titulo
1136 1488 1226 1528 libri
1256 1491 1575 1539 Paragrammon,
1597 1487 1680 1526 iure

357 1556 533 1606 quodam
552 1556 617 1594 vel
637 1554 788 1593 inuidia
806 1555 974 1594 medicae
1004 1554 1266 1606 professionis,
1290 1553 1532 1604 quaquidem
1564 1555 1680 1591 Para-

352 1621 475 1660 celsus
496 1620 660 1659 inuento
681 1619 964 1671 principiorum
994 1634 1189 1659 nouorum
1221 1628 1387 1658 conatus
1418 1620 1471 1658 est
1500 1618 1677 1657 funditus

357 1693 530 1725 euertere
549 1701 556 1724 :
584 1686 691 1725 vnde
718 1699 882 1736 magnas
903 1685 974 1724 fibi
995 1686 1018 1724 a
1037 1685 1203 1725 medicis
1223 1687 1299 1724 suae
1320 1684 1491 1735 regionis
1513 1683 1678 1734 aetatisq3

355 1750 604 1790 cotentiones
642 1750 839 1798 excitauit,
877 1765 977 1801 quos
1006 1751 1148 1801 passim
1179 1750 1219 1788 in
1250 1750 1436 1789 omnibus
1465 1749 1573 1788 libris
1602 1749 1677 1787 suis

355 1815 549 1856 vehemeti
581 1817 680 1866 stylo
711 1815 940 1866 perstringit.
1011 1817 1090 1855 Sed
1126 1816 1325 1866 praecipue
1359 1815 1583 1854 testimonio
1624 1816 1678 1853 est

353 1881 509 1920 libellus
556 1883 653 1919 VII.
704 1881 989 1927 defensionum,
1035 1882 1059 1920 a
1107 1894 1187 1931 quo
1236 1882 1431 1931 resposum
1489 1881 1673 1919 aduersus

355 1946 541 1985 Vvierum
572 1954 707 1997 petere
737 1946 883 1985 licebit.
954 1948 1004 1984 In
1032 1946 1133 1985 libro
1165 1945 1399 1996 Labyrinthi
1432 1945 1556 1984 latino
1593 1944 1676 1983 eius

355 2011 502 2062 effigies
525 2013 698 2062 expressa
718 2014 794 2050 An.
817 2011 944 2050 aetatis
966 2025 1029 2062 45.
1052 2012 1235 2050 staturam
1258 2011 1427 2050 ostendit
1455 2023 1674 2060 proceram,

354 2076 494 2116 faciem
516 2091 687 2128 grauem,
711 2090 801 2115 cum
822 2078 949 2116 fronte
970 2079 1112 2127 ampla,
1136 2076 1316 2127 sincipite
1338 2077 1465 2122 caluo,
1483 2074 1677 2114 mediocri

300 2134 308 2139 '-
354 2143 522 2193 capillo:
553 2142 700 2181 circum
723 2156 843 2193 quam
875 2151 957 2182 erat
986 2142 1184 2193 inscriptio
1215 2143 1251 2181 ei
1280 2141 1490 2189 familiaris,
1514 2142 1676 2200 quamq3

354 2209 578 2258 frequenter
596 2209 746 2247 solebat
765 2209 955 2258 vsurpare.

547 2275 725 2312 Alterius
744 2275 890 2323 nonsit
906 2275 1085 2323 quifims
1104 2275 1177 2323 esse
1184 2279 1318 2323 polest.

409 2340 458 2376 In
489 2338 555 2377 lib.
588 2340 638 2377 de
668 2341 833 2377 Tartaro
862 2339 1102 2389 germanico,
1133 2341 1170 2378 δε
1199 2338 1285 2377 aliis
1316 2338 1559 2388 quibusdam,
1592 2337 1675 2377 eius

353 2404 431 2442 hoc
451 2403 695 2454 epitaphium
715 2404 918 2454 reperitur.

409 2467 538 2521 [After
558 2469 724 2520 quoting
744 2471 811 2508 the
833 2469 1019 2520 Epitaph‚
1044 2471 1128 2508 Leo
1149 2469 1313 2509 Suavius
1334 2470 1447 2516 adds,
1470 2483 1507 2519 p.
1531 2481 1574 2518 17
1595 2467 1620 2521 z]

409 2536 458 2572 In
478 2542 645 2573 tractatu
666 2535 925 2585 philosophiae
947 2535 1050 2573 illius
1081 2536 1131 2574 ad
1162 2535 1393 2574 Athenieses
1426 2534 1676 2584 (quiquidem

354 2601 494 2650 plenus
525 2601 580 2638 est
608 2600 878 2649 mysteriorum
907 2613 1152 2651 magnorum,
1183 2600 1408 2650 primorum,
1432 2600 1669 2646 vltimorum,

353 2665 568 2704 melosiniae
600 2665 872 2716 (verbotenus)
908 2665 1180 2716 pyromanfflae,
1216 2665 1508 2713 necromantiae,
1549 2665 1674 2704 chiro-

355 2730 526 2776 mantiae‚
555 2733 626 2769 &c.
658 2730 794 2769 titulus
823 2732 876 2769 est
907 2731 1160 2781 Philosophia
1188 2732 1371 2781 Theoph.
1405 2732 1591 2769 Bombast
1620 2733 1672 2769 ab

357 2795 572 2834 Hohehein
595 2795 713 2835 Sueui
733 2795 896 2846 Arpinae
916 2796 1092 2846 germani
1113 2795 1233 2835 eremi
1253 2797 1304 2835 ad
1325 2796 1598 2836 Athenienses.
