1940 3188
929 269 976 293 20

372 382 694 432 hochgelehrten,
740 381 821 419 vnd
870 382 1046 419 erfarnen
1089 378 1227 435 baider
1269 386 1428 430 artzney
1473 381 1690 417 Doctorern

375 446 600 497 Philippum
636 446 956 496 Theophrastum
997 447 1273 486 Paracelsum.
1339 446 1442 484 Cum
1481 442 1694 492 Priuilegio

377 513 555 552 Caesareo
598 513 650 550 ad
692 511 939 549 decennium.
1019 511 1211 550 Getruckt
1255 524 1302 548 zu
1342 511 1576 558 Strassbmg,
1618 509 1693 557 bey

378 576 579 616 Christian
602 577 758 615 Miiller.
818 588 1025 614 M.D.Lxxr.

430 653 551 692 Sinall
573 654 664 691 8vo.
721 651 948 702 Signatures
969 654 1099 700 A—D7.

435 729 663 778 Colophon,
699 728 873 766 beneath
912 741 935 765 a
973 728 1158 766 woodcut
1193 728 1238 765 of
1270 738 1404 764 aman
1443 724 1608 774 holding
1645 737 1695 762 an

377 806 523 831 arrow:
571 793 763 831 Getruckt
812 805 857 830 zu
906 793 1140 841 fflrassbnrg,
1181 805 1245 829 arn
1296 791 1575 836 Kornmarckt,
1622 791 1697 839 bey

382 857 581 897 Christian
603 858 760 895 Miiller.
821 859 887 896 CK
916 868 1124 893 M.D.LXXJ.

276 962 417 1003 Mook
447 961 549 1016 (No.
572 961 648 1014 94)
680 962 814 1002 omits
844 961 921 1002 the
952 961 1166 1015 privilege
1197 961 1345 1002 clause
1376 961 1463 1001 and
1497 960 1572 1000 the
1595 960 1699 1000 date

224 1043 311 1083 and
351 1056 452 1095 says
489 1042 676 1095 nothing
714 1042 850 1082 about
887 1042 962 1082 the
999 1042 1151 1082 device
1190 1047 1235 1082 at
1269 1041 1344 1082 the
1380 1041 1466 1081 end
1499 1041 1586 1081 and
1623 1040 1700 1081 the

221 1123 454 1176 colophon.
520 1123 572 1163 In
596 1123 683 1163 this
706 1123 802 1163 title
824 1123 880 1163 he
901 1123 980 1163 has
1004 1129 1081 1163 not
1104 1122 1305 1175 changed
1329 1122 1469 1162 initial
1492 1136 1519 1161 v
1540 1127 1586 1162 to
1609 1135 1647 1161 u.

222 1228 459 1276 68.—1573.
493 1225 666 1275 Philippi
695 1225 857 1264 Avreoli
887 1225 1153 1276 Theophrasti
1182 1224 1377 1264 Paracelsi
1398 1226 1590 1264 Bombast
1611 1226 1702 1262 Ere-

384 1291 517 1338 mitae,
563 1291 712 1330 Svmmi
762 1292 871 1329 Inter
919 1293 1138 1330 Germanos
1187 1290 1337 1329 Medici
1381 1293 1416 1329 &
1462 1289 1699 1339 Philosophi.

388 1355 592 1406 Chirvrgia
624 1358 783 1406 Magna,
806 1359 847 1394 in
878 1359 971 1394 duos
1004 1361 1117 1394 tomas
1145 1357 1295 1405 dzgesla.
1363 1357 1500 1394 Tamvs
1530 1356 1699 1402 Primvs,

387 1420 598 1460 continens

438 1499 502 1535 De
534 1497 720 1534 Vvlrzerz'l).
743 1502 778 1534 et
797 1498 1004 1534 Fractvm's.
1104 1498 1187 1535 Lib.
1211 1498 1296 1535 Ill.

436 1563 501 1599 De
529 1563 723 1599 Vlcem'bvs.
1088 1564 1170 1600 Lib.
1196 1564 1283 1600 Ill.

438 1629 502 1664 De
528 1628 747 1664 Tvmom'bvs
765 1631 799 1664 ct
817 1628 853 1664 Α
852 1628 1032 1676 pertvrt's.
1091 1629 1175 1665 Lib.
1211 1628 1301 1665 VII.

439 1694 557 1730 Nunc
588 1705 708 1730 recens
741 1692 765 1730 ci
801 1691 992 1742 Iosqvino
1025 1693 1236 1732 Dalhemio
1266 1694 1504 1732 Ostofranco
1537 1693 1702 1731 Medico

391 1756 603 1795 Latinitate
623 1758 781 1795 donata.

450 1823 546 1861 Cum
563 1823 696 1870 gratia
719 1824 766 1860 &v
790 1823 1002 1871 Pm'm'legz'o
1028 1824 1165 1872 Coefizr.
1191 1824 1383 1861 Maiestat.
1408 1825 1464 1861 ad
1478 1823 1699 1871 armossex.

676 1898 938 1948 Argentorati.
998 1910 1243 1936 M.D.LXXJJJ.

441 1975 561 2012 Small
582 1973 675 2012 folio
696 1973 735 2011 in
757 1974 868 2012 sixes.
929 1974 1046 2021 Title,
1071 1974 1227 2013 Perna's
1248 1976 1438 2023 Address,
1463 1977 1702 2015 Paracelsus’

390 2040 580 2086 Prefaces,
605 2040 755 2077 Ramus
778 2041 840 2077 De
862 2041 1081 2087 Paracelso‚
1105 2040 1144 2077 in
1171 2041 1223 2078 all
1243 2041 1279 2078 ff.
1304 2042 1338 2078 6.
1397 2043 1501 2080 Text
1521 2055 1586 2091 pp.
1612 2055 1700 2091 223,

395 2117 409 2140 1
435 2104 566 2141 blank.
626 2104 778 2142 Index:
809 2104 905 2153 Sigs.
929 2106 1056 2142 V-X8.

442 2179 604 2217 Aureoli
622 2179 796 2229 Philippi
813 2180 1079 2230 Theophrasti
1097 2181 1293 2220 Paracelsi
1309 2181 1456 2220 Svmmi
1476 2182 1701 2232 Philosophi

388 2246 423 2282 ἃ*
448 2243 597 2282 Medici
618 2244 844 2294 Chyrurgiae
868 2247 1026 2295 Magnae
1047 2247 1196 2284 Tomvs
1227 2247 1438 2285 Secvndvs.
1500 2248 1704 2285 Contzbzens

391 2310 452 2347 De
482 2309 734 2356 Tumoribus‚
767 2310 943 2356 Pustulis,
975 2312 1011 2349 δε
1042 2311 1247 2349 Vlceribus
1279 2311 1411 2349 Morbi
1442 2311 1584 2350 Gallici
1614 2311 1700 2350 Lib.

390 2375 437 2411 X.
501 2375 562 2412 De
593 2373 806 2412 Curatione
837 2377 872 2413 Sc
905 2375 1132 2424 Impostnris
1164 2375 1296 2414 Morbi
1326 2375 1467 2414 Gallici
1489 2375 1573 2414 Lib.
1597 2385 1700 2414 octo.

395 2438 535 2486 Qvibvs
572 2440 716 2477 Insvnt
755 2440 937 2477 Eivsdem
981 2442 1019 2477 Α
1025 2442 1172 2478 utlzorc's
1211 2442 1435 2479 Analomia.
1485 2443 1702 2490 Clzyrvrgia

390 2503 538 2550 Minor,
573 2505 650 2542 &a
711 2504 856 2543 Omnia
885 2505 908 2542 a
938 2505 1129 2554 Iosqvino
1164 2506 1373 2544 Dalhemio
1405 2505 1703 2544 Hietichtavvio

390 2568 647 2606 Ostrofranco
682 2570 882 2608 Germano
918 2569 1131 2609 Latinitate
1167 2572 1335 2608 Donata.
1408 2572 1525 2608 Anno
1555 2572 1704 2610 Salvtis

388 2645 628 2671 M.D.LXX111.

443 2710 562 2748 Small
589 2709 694 2757 folio,
718 2710 756 2747 in
788 2710 899 2749 sixes.
959 2711 1064 2749 Title
1093 2712 1181 2758 leaf,
1202 2712 1281 2749 and
1312 2724 1374 2760 pp.
1403 2723 1487 2760 250.
1550 2712 1702 2751 Index:

389 2773 481 2823 Sigs.
509 2775 694 2823 Yy-aaa6.
