1940 3188
303 779 356 834 [p.
382 779 463 833 ga]

313 2719 367 2773 [p-
392 2717 474 2770 87-l

1013 287 1064 326 54

514 389 634 428 Liber
653 389 704 428 de
724 388 908 439 podagra.

623 453 731 493 Libri
750 452 965 504 germanici
986 453 1037 491 de
1058 450 1209 502 duplici
1228 450 1435 490 medicina.

515 519 634 558 Liber
652 518 856 568 chirurgiae
876 517 1043 556 maioris.

625 583 745 623 Liber
764 582 968 633 chirurgiae
988 581 1161 621 minoris.

515 649 623 688 Libri
644 647 859 700 germanici
880 648 929 687 de
950 646 1170 698 imposturis
1191 645 1416 696 chirurgorn

625 714 889 765 Labyrinthus
910 713 1154 752 medicorum
1176 711 1396 751 errantium.

630 779 750 819 Liber
768 780 819 818 de
840 786 996 825 tartaro,
1018 777 1168 828 duplici
1189 777 1362 817 editione
1381 777 1432 815 ab
1452 789 1516 815 au-

516 852 601 885 tore
621 844 856 895 recognitus,
879 857 969 882 cum
990 843 1281 882 defenfionibus
1301 842 1363 881 vii.

626 910 855 949 Archidoxa
878 909 1083 955 Parrhisia‚
1105 908 1201 947 alias
1222 909 1474 959 paragrapha.

518 975 637 1015 Liber
657 977 708 1015 de
727 976 901 1013 humana
920 974 1184 1025 generatione.

627 1040 910 1091 Prognosticon
931 1039 1048 1078 xxiiii.
1067 1052 1273 1078 annorum.

518 1105 693 1146 Libellus
715 1107 765 1144 de
787 1107 957 1145 Cometa
976 1104 1056 1143 viso
1077 1103 1117 1142 in
1140 1103 1329 1143 Heluetia

625 1184 742 1210 anno.
770 1183 882 1221 1531.

517 1237 636 1276 Liber
656 1238 706 1275 de
726 1238 842 1287 peste.

626 1303 774 1341 Charta
794 1300 901 1340 edita
923 1300 1098 1339 Basileae.
1158 1313 1275 1339 anno.
1304 1312 1415 1350 1527.

517 1368 568 1406 de
588 1380 694 1405 noua
715 1367 907 1405 methodo
928 1366 1127 1405 medendi.

628 1432 746 1471 Liber
766 1433 816 1471 de
837 1445 939 1482 aqua
959 1431 1140 1481 realgaris
1160 1433 1196 1470 δι
1218 1430 1406 1470 mercurii.

517 1499 552 1536 T
556 1498 764 1549 heologica
785 1511 904 1548 opera
924 1498 1104 1536 nondum
1126 1496 1335 1546 publicata.

626 1564 677 1602 ad
699 1565 887 1602 abbatem
909 1564 957 1601 D.
983 1562 1088 1600 Galli
1108 1562 1332 1611 interquae:

521 1628 698 1667 Diarium
720 1630 832 1679 supra
852 1627 1134 1667 reuelationern
1157 1629 1206 1665 D.
1232 1626 1394 1666 Ioannis

629 1695 741 1744 Opus
765 1696 1028 1743 Paramyrum.

521 1759 753 1798 Herbarius.

630 1826 839 1863 Tractatus
860 1822 1117 1874 philosophiae
1138 1823 1190 1861 ad
1210 1821 1484 1861 Athenienses.

523 1887 641 1926 Liber
660 1887 697 1926 ii.
721 1889 771 1927 de
792 1888 905 1925 causa
924 1888 960 1925 δε
982 1885 1130 1936 origine
1150 1887 1346 1924 morboru.

646 1955 747 1991 Item
769 1953 819 1991 de
840 1953 988 1990 morbis
1009 1950 1281 1989 inuisibilibus.

523 2020 658 2058 Plures
679 2025 865 2057 tractatus
886 2017 937 2056 de
957 2017 1098 2054 morbo
1120 2016 1298 2062 Caduco,

630 2084 681 2122 de
703 2082 881 2129 Cholica‚
904 2083 955 2120 de
978 2080 1116 2127 Rabie,
1139 2081 1190 2119 de
1212 2078 1442 2130 Hydropisi,
1464 2080 1534 2117 &c.

473 2169 476 2173 ·
524 2148 633 2188 Libri
653 2149 705 2188 de
724 2147 918 2186 Thermis.

637 2214 756 2253 Liber
776 2215 826 2252 de
849 2213 971 2251 modo
992 2211 1284 2262 pharmacandi.

879 2348 911 2386 S
923 2346 1096 2385 VMMA
1106 2346 1225 2383 TJM.

637 2457 686 2493 In
707 2452 956 2505 philosophia
976 2450 1074 2490 libri.
1102 2465 1186 2501 230.

530 2524 578 2561 In
601 2519 806 2559 Medicina
826 2518 892 2557 lib.
915 2519 976 2565 46.

639 2587 700 2623 De
723 2583 947 2634 Republica
966 2582 1034 2621 lib.
1062 2595 1119 2620 12.

530 2654 578 2689 In
600 2648 894 2689 Mathematicis
915 2647 981 2686 lib.
1007 2660 1040 2696 7.

638 2714 935 2764 Theophrastia,
958 2714 1144 2751 volumen
1165 2710 1373 2750 continens
1394 2722 1485 2759 ope-

528 2795 570 2820 ra
591 2795 626 2831 3.
684 2779 806 2819 diuisa
825 2778 868 2816 in
890 2780 951 2817 66.
974 2778 1105 2816 libros.
1128 2777 1178 2815 de
1198 2776 1314 2814 rebus
1335 2773 1515 2813 abstrusis
