1940 3188
957 264 995 291 11

242 378 341 431 (No.
364 379 438 432 42)
471 378 550 419 has
579 377 774 430 actually
797 377 1016 430 managed
1049 381 1096 416 to
1118 380 1254 428 quote
1276 374 1364 414 this
1386 372 1483 414 title
1505 370 1719 423 correctly

241 460 328 500 and
352 460 395 499 in
419 459 511 508 full,
533 458 758 510 including
779 457 855 498 the
877 457 1003 497 date!

242 582 517 637 55.—-[1566.]
538 585 577 622 T
571 584 818 634 lzeoplzrastil
847 580 1043 620 Paracelsi
1068 580 1072 632 Ι
1102 578 1382 630 Philosophiae
1407 578 1412 630 Ι
1439 586 1478 617 et
1492 576 1720 621 Medicinae,

402 649 489 688 vtri-
514 648 519 701 Ι
545 662 656 698 vsqve
673 649 873 694 vnz'versae‚
899 645 904 699 Ι
931 645 1239 696 Compendivm,
1265 643 1270 696 Ι
1298 645 1357 682 Ex
1384 643 1543 694 optimis
1571 641 1724 691 quibus-

403 727 482 765 que
515 714 598 753 eius
632 713 763 752 libris:
789 718 794 765 Ι
822 713 923 752 Cum
957 709 1111 750 scholiis
1145 710 1186 748 in
1215 710 1336 748 libros
1364 721 1440 746 1111.
1475 707 1605 746 eiusde
1631 706 1635 758 Ι
1660 708 1726 744 De

416 782 501 818 Vita
541 780 685 829 Longa,
712 777 716 830 Ι
746 779 892 816 Plenos
940 775 1220 827 mysteriorum,
1261 774 1549 825 parabolarum,
1577 772 1581 824 Ι
1608 771 1725 822 aenig-

406 853 565 884 matum.
595 843 599 897 Ι
625 846 790 883 Auctore
806 845 926 881 Leone
955 843 1104 881 Szcauio
1131 842 1274 880 I.G.P.
1303 839 1308 891 Ι
1335 840 1429 878 Vita
1460 837 1665 877 Paracelsi.
1695 836 1700 888 Ι

407 911 620 960 Catalogus
641 922 805 959 operum
826 911 862 948 δι
883 907 1080 946 librorum.
1111 906 1116 958 Ι
1143 907 1246 946 Cum
1278 905 1419 944 Indice
1438 916 1567 942 rerum
1588 902 1628 941 in
1648 903 1724 940 hoc

408 988 528 1026 opere
549 974 814 1025 singularium.

518 1051 674 1089 Parisiis
700 1049 704 1102 Ι
733 1052 780 1088 In
801 1049 953 1089 aedibus
975 1047 1151 1095 Rovillii‚
1172 1046 1235 1085 via
1257 1047 1454 1092 Iacobaea‚
1482 1044 1487 1096 Ι

520 1118 602 1156 Sub
622 1116 736 1166 signo
758 1114 1009 1155 Concordiae.
1037 1113 1042 1165 Ι

526 1184 619 1221 Cvm
640 1182 850 1230 privilegio
869 1180 985 1229 Regis
1010 1178 1015 1231 Ι
1151 1176 1235 1230 [No
1257 1174 1381 1228 date]

464 1271 585 1309 Small
624 1271 701 1308 8vo
716 1283 726 1317 3
774 1268 994 1319 signatures
1032 1267 1073 1305 in
1111 1268 1228 1305 fours.
1308 1263 1502 1304 Contains
1546 1276 1610 1313 pp.
1653 1264 1729 1312 376

411 1335 630 1374 numbered
644 1348 654 1382 3
687 1348 730 1372 21
756 1341 827 1372 not
847 1333 1068 1371 numbered
1082 1346 1092 1379 3
1125 1345 1145 1381 3
1168 1332 1302 1370 blank.
1360 1331 1449 1368 The
1476 1328 1677 1378 following
1700 1327 1732 1366 is

412 1415 436 1439 a
455 1401 656 1450 complete
675 1399 875 1438 collation.

467 1499 499 1530 p.
523 1497 550 1519 1.
578 1488 680 1526 Tine,
699 1487 853 1519 enclosed
871 1487 905 1518 in
922 1497 964 1517 an
981 1485 1189 1517 ornamental
1207 1484 1306 1516 scroll
1323 1483 1453 1515 border.

469 1554 501 1585 p.
523 1552 551 1575 2.
582 1543 756 1584 Privilege.

469 1609 500 1640 p.
523 1606 552 1638 3.
581 1598 650 1629 Leo
679 1597 817 1629 Svavivs
846 1596 962 1627 Nobili
990 1596 1071 1627 Viro
1101 1596 1232 1626 Renato
1262 1594 1381 1625 Peroto
1410 1591 1665 1624 Cenomanensi.
1697 1592 1730 1623 S.

427 1653 508 1684 ends
523 1663 555 1694 p.
576 1652 619 1690 63
643 1651 744 1683 dated
762 1663 769 1682 :
796 1651 936 1682 Lutetiae
953 1658 1036 1682 VIII.
1059 1650 1139 1681 Idus
1158 1650 1246 1681 Sext.
1269 1648 1369 1679 Anno
1386 1655 1523 1679 M.LXVI
1542 1647 1623 1685 (sic).

470 1718 503 1749 p.
524 1714 552 1747 7.
583 1706 747 1738 Praefatio
765 1705 887 1737 Leonis
905 1705 1016 1737 Svavii
1032 1705 1074 1736 de
1092 1704 1227 1735 Avtoris
1244 1703 1323 1734 Vita
1339 1708 1371 1734 et
1389 1702 1565 1744 Operibvs.

471 1773 503 1803 p.
528 1770 576 1793 12.
606 1762 762 1792 Erasmus
779 1765 813 1792 to
832 1760 1032 1791 Paracelsus.

472 1828 504 1858 p.
529 1823 578 1856 17.
606 1816 764 1857 Epitaph.

473 1882 505 1913 p.
530 1870 578 1903 18.
605 1870 751 1901 Valentii
770 1868 966 1910 Antrapassi
985 1868 1126 1900 Silerani
1144 1867 1318 1898 Praefatio.

474 1937 505 1967 p.
526 1934 575 1957 22.
606 1925 784 1966 Catalogvs
812 1935 924 1955 eorvm
951 1934 1027 1965 quse
1059 1923 1122 1955 hoc
1153 1933 1254 1964 opere
1285 1919 1634 1953 continentur....Vna
1661 1930 1736 1951 cum

432 1981 576 2012 eiusdem
593 1980 760 2011 Paracelsi
776 1979 884 2020 effigie
904 1978 907 2019 Ι
929 1979 971 2009 ad
989 1979 1113 2016 viuum,
1132 1983 1167 2008 vt
1183 1977 1251 2019 ipse
1267 1976 1404 2014 curauit,
1425 1975 1580 2017 expressa.

475 2046 506 2077 p.
528 2043 579 2075 23.
609 2034 854 2075 Compendium
871 2033 998 2074 begins.

472 2101 504 2131 p.
525 2089 576 2121 81.
605 2089 667 2120 Flz.
691 2088 904 2129 Theophrasti
916 2086 1079 2118 Paracelsi
1095 2087 1146 2118 De
1160 2086 1238 2117 Vita
1251 2086 1351 2126 longa
1366 2085 1459 2116 Libri
1474 2084 1564 2116 1111.
1594 2083 1738 2115 Portrait

433 2145 470 2176 of
484 2145 684 2176 Paracelsus.
735 2143 849 2174 Below
865 2153 920 2173 are
937 2142 993 2173 the
1010 2142 1119 2173 words
1135 2153 1143 2172 :

678 2197 812 2238 Effigies
830 2197 1005 2235 Paracelsi‚
1025 2201 1057 2227 et
1074 2195 1324 2237 Apophtegma.

651 2252 797 2283 Alterivs
813 2262 881 2283 non
897 2251 949 2283 sit.
971 2251 1026 2292 qvi
1044 2261 1120 2282 svvs
1136 2261 1207 2282 esse
1225 2254 1345 2292 potest.

479 2319 511 2349 p.
532 2307 583 2339 82.
613 2305 783 2338 Morellus’
799 2306 947 2347 epigram
963 2305 997 2336 in
1015 2305 1137 2336 Greek.

479 2374 511 2404 p.
533 2362 585 2402 83.
612 2362 707 2393 Gillii
727 2361 869 2392 Pinavtii
885 2359 903 2391 ἐ
921 2361 1040 2392 Graeco
1058 2359 1214 2391 Latinvm
1233 2358 1458 2400 Epigramma.

480 2428 512 2459 p.
533 2417 585 2456 84.
612 2416 810 2447 Valentinvs
826 2416 867 2446 de
887 2415 994 2446 Retiis
1010 2415 1051 2446 de
1069 2414 1223 2456 operibvs
1240 2413 1403 2445 Paracelsi
1420 2413 1461 2444 ad
1479 2413 1646 2444 lectorem.

480 2483 513 2514 p.
534 2471 585 2513 85.
615 2471 805 2512 Catalogvs.

482 2538 514 2568 p.
534 2526 585 2566 87.
615 2526 685 2557 Leo
704 2525 842 2557 Svavivs
859 2525 892 2555 in
910 2524 1116 2565 Catalogvm.

481 2592 514 2623 p.
535 2581 586 2612 88.
616 2580 784 2612 Elenchvs
802 2579 959 2621 Capitvm
979 2579 1155 2610 Librorvm
1179 2578 1329 2618 Qvatvor
1344 2577 1408 2609 Th.
1430 2576 1595 2609 Paracelsi
1609 2576 1651 2608 de
1668 2576 1748 2607 Vita

442 2636 571 2677 Longa.

483 2701 515 2732 p.
536 2690 586 2729 89.
616 2690 669 2721 De
685 2690 765 2721 Vita
781 2689 880 2729 longa
893 2688 1021 2729 begins,
1041 2688 1122 2719 ends
1138 2698 1170 2729 p.
1194 2694 1264 2728 152.

485 2756 515 2786 p.
542 2753 611 2786 153.
641 2746 710 2776 Leo
743 2744 880 2776 Svavivs
915 2743 1033 2775 I.G.P.
1101 2743 1149 2774 Io.
1186 2742 1333 2783 Capellae
1366 2741 1541 2772 Parisiensi
1573 2741 1748 2773 Archiatro

443 2800 549 2841 Regio
569 2801 651 2835 Sal..
671 2800 752 2831 ends
769 2810 799 2840 p.
826 2798 894 2839 158.
