1940 3188
883 287 931 325 53

217 385 292 434 §7-

166 470 326 526 [p.84.]
438 474 921 513 VALENTINVS
980 475 1070 512 DE
1127 475 1384 513 RETrrs

510 551 599 588 DE
643 550 948 589 OPERIBVS
981 552 1332 590 PARACELSJ

756 627 809 665 ad
841 628 1060 665 Lectorem.

169 708 673 791 THEOPHRASTVS
709 710 933 748 Paracelsus
969 723 1018 748 ex
1056 709 1181 748 nobili
1216 709 1396 759 prosapia
1428 709 1653 759 suedigena‚

311 776 419 825 apud
441 774 635 813 Eremitas
658 774 860 814 Heluetiae
880 783 1007 821 natus,
1029 776 1080 813 ab
1102 774 1412 813 Atheniensibus
1434 776 1656 813 Paracelsus

168 853 334 890 magnus
374 848 539 879 vocatus
580 854 669 890 230.
711 840 751 878 in
793 840 1046 890 Philosophia
1080 840 1307 890 conscripsit
1345 840 1477 888 libros,
1515 854 1578 887 40.
1617 839 1655 878 in

167 906 324 944 medica
353 905 513 945 scientia
543 905 678 953 edidit,
710 920 766 944 12.
798 907 849 945 de
878 907 1013 956 repub.
1050 919 1081 955 7.
1114 906 1154 944 in
1184 906 1488 952 mathematicis,
1519 908 1554 945 &
1585 905 1657 944 tria

167 984 288 1021 opera
321 971 437 1009 simul
471 971 512 1009 in
540 984 662 1010 vnum
697 971 918 1021 composuit
956 971 1110 1018 librum,
1143 971 1210 1021 qui
1245 970 1532 1021 Theophrastia
1561 984 1652 1009 nun-

168 1044 345 1087 cupatur,
388 1039 449 1075 66.
491 1044 623 1075 autem
672 1037 792 1075 libros
836 1038 888 1076 de
937 1037 1104 1076 occultis
1148 1040 1184 1076 δε
1228 1037 1411 1075 abstrusis
1461 1036 1655 1075 condidit.

171 1101 348 1140 Primum
375 1115 476 1152 opus
497 1103 548 1141 de
577 1101 802 1140 archidoxis
832 1102 995 1150 dictum,
1017 1103 1058 1140 in
1088 1116 1167 1152 quo
1189 1103 1365 1141 declarat
1395 1102 1657 1141 extractiones

168 1169 205 1206 &
224 1167 490 1217 separationes
506 1167 651 1206 virtutu
673 1169 723 1205 ab
744 1167 935 1213 inualido,
951 1169 1177 1207 Secundum
1196 1169 1474 1206 Parasarchum
1495 1167 1656 1215 dictum,

169 1232 210 1271 in
239 1246 319 1283 quo
350 1234 401 1272 de
431 1234 581 1271 summo
612 1234 720 1271 bono
750 1240 891 1272 tractat
925 1233 965 1271 in
995 1233 1226 1280 aeternitate,
1258 1233 1374 1272 tertiu
1411 1234 1657 1272 Carboantes

169 1297 331 1345 dictum,
355 1297 395 1336 in
426 1311 506 1348 quo
536 1299 851 1337 trasmutationes
872 1299 1048 1337 declarat
1077 1298 1119 1336 in
1149 1300 1275 1337 forma
1295 1301 1331 1337 δε
1352 1300 1436 1337 esse.
1498 1298 1659 1348 Scripsit

170 1363 322 1403 Gellius
361 1365 529 1402 Zemeus
569 1364 620 1402 de
653 1364 732 1402 hoc
771 1365 1046 1414 Theophrasto
1086 1365 1288 1403 Germano
1330 1364 1572 1414 Philosopho
1606 1365 1658 1402 ad

171 1429 461 1479 Passephallum
483 1430 671 1468 Ceueum.
719 1430 841 1479 Apud
863 1431 1084 1469 Germanos
1105 1437 1185 1468 nuc
1201 1430 1257 1468 vir
1272 1430 1503 1469 adolescens
1521 1429 1657 1477 existit,

170 1493 234 1533 cui
268 1508 403 1544 parem
442 1494 547 1533 orbis
581 1508 664 1534 non
699 1496 783 1541 fert,
815 1495 882 1545 qui
917 1493 1019 1534 adeo
1054 1496 1294 1534 excellenter
1322 1495 1361 1533 in
1394 1495 1659 1545 Philosophia,

170 1559 378 1599 Medicina
399 1562 435 1599 &
457 1560 764 1607 Mathematicis,
784 1567 903 1610 atque
925 1561 976 1599 de
997 1561 1133 1610 repub.
1152 1563 1188 1599 &
1209 1560 1351 1600 iustitia
1370 1560 1529 1610 scripsit,
1549 1561 1659 1611 quod

170 1626 292 1664 credo
312 1632 380 1664 aut
403 1625 501 1664 mira
520 1625 725 1664 influentia
751 1625 790 1663 in
819 1639 868 1664 eo
892 1625 942 1664 sit
971 1626 1124 1674 natalis,
1147 1634 1215 1664 aut
1243 1626 1370 1665 maior
1389 1625 1660 1676 spiritussancti

170 1691 304 1740 gratia,
322 1699 390 1730 aut
410 1691 570 1730 immesa
590 1692 808 1730 demonum
830 1690 883 1744 [p.
909 1690 976 1744 85]
999 1691 1212 1730 existentia.
1273 1693 1378 1730 Nam
1399 1692 1659 1730 inhumanum

171 1757 258 1795 haec
275 1758 328 1795 est
344 1756 583 1806 perscrutari,
602 1758 712 1807 quod
728 1757 813 1807 ipse
834 1757 1014 1807 vilipedit
1031 1773 1037 1795 :
1059 1758 1193 1796 saltem
1210 1757 1431 1796 doctiorem
1451 1771 1515 1796 me
1531 1758 1661 1808 legisse

171 1835 325 1861 memor
353 1835 436 1860 non
464 1823 557 1860 sum.
617 1824 752 1872 Quare
782 1830 835 1869 tu,
860 1824 1015 1869 Lector,
1047 1824 1208 1872 syncero
1238 1823 1371 1861 animo
1401 1822 1663 1873 Theophrasti

171 1887 312 1938 scripta
341 1887 491 1938 excipe,
522 1901 598 1926 nec
627 1901 734 1926 noua
768 1888 855 1926 haec
885 1887 1057 1938 antiquis
1091 1887 1232 1927 merito
1270 1889 1453 1939 praeferre
1490 1902 1660 1928 vereare.

171 1955 284 1993 Vale.

647 2019 735 2056 PH.
769 2019 1184 2058 THEOPHRASTI

585 2096 937 2134 PARACELS]
956 2096 1258 2134 BOMBAST

608 2186 771 2223 operum
793 2185 882 2222 quae
903 2173 955 2211 ad
975 2174 1143 2211 nostram
1164 2186 1233 2212 no-

709 2237 836 2276 titiam
866 2246 1132 2287 peruenerunt

735 2315 805 2353 CA
816 2315 1017 2354 TALOG
1030 2317 1100 2354 VS.

503 2389 612 2429 Libri
633 2398 802 2440 quatuor
823 2391 874 2429 de
895 2390 976 2429 vita
996 2392 1125 2441 longa.

394 2456 514 2495 Liber
534 2456 585 2494 de
604 2455 768 2494 sanitate
787 2458 824 2495 ἅτ
845 2455 1088 2506 aegritudine.

504 2521 623 2559 Liber
642 2522 693 2560 de
713 2520 862 2571 duplici
883 2521 1107 2560 Anatomia.

395 2586 504 2626 Libri
524 2586 587 2624 vii.
610 2587 661 2625 de
681 2586 835 2636 gradib⁹
854 2588 890 2625 Sc
912 2587 1237 2637 copositionibus,
1260 2590 1332 2627 &o

504 2651 624 2690 Liber
644 2652 694 2690 de
715 2651 853 2701 magia.

397 2717 504 2756 Libri
525 2725 602 2756 tres
623 2717 675 2755 de
695 2718 837 2756 morbo
857 2717 1000 2768 gallico
1019 2718 1233 2769 germanici
1254 2721 1321 2758 ob-

504 2782 612 2821 scure
631 2781 760 2832 scripti
