1982 3198
336 376 385 395 No.

339 495 379 518 22

336 1096 377 1127 62

308 1226 340 1257 in
358 1226 398 1258 82

309 1326 340 1358 in
358 1326 399 1366 84

309 1426 339 1457 in
359 1426 399 1468 85

329 1544 386 1576 107

293 1663 326 1694 in
348 1671 406 1703 133

294 1773 325 1803 in
349 1782 408 1812 140

293 1938 325 1969 in
344 1947 406 1978 242

293 2076 326 2106 in
344 2076 406 2115 248

307 2230 340 2260 in
357 2238 398 2269 42

306 2328 339 2359 in
357 2335 396 2369 45

306 2427 339 2458 in
357 2427 398 2467 84

449 375 537 394 PAGE.

457 620 535 661 36b)

457 687 535 727 37b)

457 754 533 794 3921)

457 821 533 860 390)

457 885 533 925 480)

459 1019 534 1058 5122)

458 1095 531 1135 55e)

458 1162 531 1202 556)

457 1588 535 1628 7811)

467 1856 532 1888 801)

598 359 676 377 BIBL.

591 393 678 411 PARA.

618 564 659 597 50

616 956 656 991 55

572 1011 612 1044 23
629 1004 656 1035 8<

587 1048 646 1078 126

594 1430 626 1460 in
643 1430 685 1469 64

584 2226 617 2257 in
636 2233 676 2267 54
731 2227 851 2259 Vitriol
869 2228 947 2265 (von
964 2227 1066 2265 dem),

613 2795 653 2827 32

735 421 831 452 VITA
850 422 991 452 LONGA.

1117 278 1164 316 52

802 488 891 519 Libri
909 493 1048 529 quatuor
1065 488 1106 519 de
1123 488 1190 519 vita
1207 489 1317 530 longa,

800 620 852 650 De
865 619 932 650 vita
949 620 1047 661 longa
1066 619 1157 651 Libri
1176 620 1234 651 IV.

800 686 851 717 De
867 685 935 717 vita
952 686 1051 728 longa
1067 686 1142 718 libri
1159 691 1235 725 tres,

800 752 851 783 De
868 751 934 783 vita
951 752 1061 793 longa,

856 837 898 840 —
979 837 1021 840 —
1067 818 1142 849 libri
1158 818 1316 860 quinque,

830 1279 867 1303 ln
881 1277 1044 1304 Archidoxa
1057 1286 1091 1303 ex
1106 1277 1323 1311 Theophrastia,

830 1378 865 1403 ln
879 1377 1105 1403 Archidoxorum
1118 1377 1345 1410 Theophrastiae
1360 1377 1428 1403 Pars
1442 1377 1540 1411 prima,

1065 884 1116 915 ed.
1140 884 1209 916 Leo
1226 884 1376 923 Suavius,

829 1479 865 1503 ln
879 1477 1042 1503 Archidoxa
1054 1477 1156 1503 Zwijlff
1168 1478 1287 1509 Biicher,
1329 1498 1335 1503 .
1346 1498 1351 1503 .

798 1535 900 1566 anff
913 1535 1041 1566 Biicher
1057 1545 1145 1566 vonn
1162 1535 1238 1566 dem
1256 1535 1375 1576 langen
1393 1535 1500 1573 leben,

797 1602 849 1632 De
866 1601 944 1632 Vita
960 1601 1070 1642 longa,

828 1711 864 1735 ln
880 1709 981 1736 Kleine
994 1691 1214 1742 xvnndart'iriey.

798 1768 850 1799 De
868 1767 947 1798 Vita
964 1768 1074 1808 longa,
1094 1766 1185 1798 brevi
1202 1772 1233 1798 et
1251 1777 1339 1798 sana.

827 1812 864 1836 ln
880 1810 957 1836 Libri
970 1809 1104 1842 quinque,
1124 1831 1145 1836 ..

796 1869 849 1899 De
865 1867 933 1898 vita
950 1868 1060 1908 longa,

797 1935 850 1966 De
866 1935 966 1975 longa
983 1933 1071 1964 Vita.

828 1978 864 2003 In
885 1975 1111 2002 Archidoxorum
1131 1974 1355 2008 Theophrastiae
1374 1983 1438 2008 pars
1457 1974 1555 2008 prima.

863 2011 905 2037 Cf.
923 2011 979 2036 No.
996 2012 1037 2042 84,
1054 2010 1124 2036 coln
1140 2018 1214 2042 1570.
1229 2029 1234 2034 .
1246 2029 1251 2035 .

798 2074 889 2105 Libri
921 2074 961 2105 V.
993 2073 1034 2104 de
1065 2073 1143 2104 Vita
1174 2073 1283 2114 longa,
1315 2073 1556 2114 incognitarum

839 2128 958 2156 rerum,
989 2122 1020 2148 et
1046 2117 1214 2157 hucusque
1238 2127 1257 2147 a
1282 2116 1414 2148 nemine
1439 2122 1555 2148 tracta·
1662 2160 1670 2191 l

1582 2160 1657 2192 Basi
1673 2171 1713 2192 ea

839 2166 945 2192 tarum
963 2160 1164 2192 refertissimi
1171 2184 1292 2192 ......

792 2271 830 2296 ln
845 2269 1073 2300 Holtzbiichlein‚
1123 2288 1144 2294 ..

730 2333 850 2364 Vitriol
869 2333 947 2371 (von
964 2332 1054 2370 dem)
1072 2332 1138 2362 vnd
1156 2331 1268 2363 seinen
1285 2331 1518 2370 krankhaiten,

792 2377 829 2401 In
843 2376 922 2407 Drey
936 2375 1056 2405 Biicher,

730 2433 872 2465 Vitriolo
890 2433 969 2471 (de).

791 2477 828 2502 In
842 2475 1066 2501 Archidoxorum
1081 2473 1306 2507 Theophrastiae
1321 2473 1389 2499 Pars
1403 2473 1501 2506 prima,
1527 2494 1531 2499 .
1543 2494 1547 2499 .

731 2540 896 2571 volumen
915 2537 1103 2569 Medicinae
1122 2536 1335 2568 Paramirum.

792 2582 844 2607 See
856 2581 952 2607 under
964 2579 1148 2606 Paramirurn.

729 2644 914 2676 Vulnerum
931 2643 1000 2681 (de)
1018 2647 1049 2674 et
1066 2642 1212 2673 ulcerum
1229 2641 1324 2673 curis.

791 2687 829 2712 In
843 2685 1028 2712 Bertheonea.

792 2721 844 2746 See
855 2720 917 2746 also
932 2719 1070 2752 Heylung
1081 2718 1160 2750 (von)
1172 2718 1222 2744 der
1235 2718 1376 2744 Wunden.

730 2782 935 2814 VVahrhaffte
963 2780 1209 2822 Beschreibung
1239 2780 1329 2811 einer
1362 2780 1553 2821 Prophecey

793 2836 860 2857 was
882 2836 916 2857 es
939 2825 998 2856 mit
1023 2825 1098 2856 dem
1112 2824 1254 2865 jetzigen
1280 2823 1395 2864 Krieg,
1414 2823 1464 2854 fiir
1480 2823 1553 2854 eine

795 2868 977 2900 Endschaft
994 2867 1180 2909 gewinnen,

1086 2226 1154 2257 und
1171 2225 1277 2257 seiner
1294 2227 1443 2268 tugendt.

1583 489 1712 520 Basilea

1532 580 1551 586 ..
1581 555 1711 587 Basilea

1583 621 1788 654 Francofurt.

1519 713 1553 720 ...
1581 687 1742 729 Tigurum

1520 845 1539 851 ..
1549 844 1554 850 .
1583 819 1711 850 Basilea

1583 885 1697 916 Parisii

1519 977 1552 982 ...
1582 951 1696 982 Parisii

1584 1027 1699 1059 Parisii

1521 1130 1552 1134 ...
1582 1104 1712 1135 Basilea

1521 1195 1554 1201 ...
1584 1170 1789 1203 Francofurt.

1535 1298 1540 1304 .
1550 1298 1555 1304 .
1588 1278 1732 1305 Miinchen

1585 1378 1655 1405 Cffln

1533 1497 1538 1503 .
1548 1497 1553 1503 .
1585 1477 1730 1504 Miinchen

1586 1535 1778 1577 Strassburg

1584 1601 1714 1633 Basilea

1528 1729 1532 1734 .
1544 1729 1549 1734 .
1583 1710 1664 1735 Basel

1527 1830 1533 1835 .
1544 1830 1549 1835 .
1584 1809 1799 1836 Francosurtum

1533 1891 1552 1897 ..
1583 1866 1712 1898 Basilea

1527 2289 1532 2295 .
1543 2289 1548 2295 .
1580 2268 1746 2302 Strassburg

1530 2395 1535 2400 .
1546 2395 1551 2400 .
1583 2374 1748 2407 Strassburg

1578 2474 1659 2501 Cislln

1840 489 1923 530 1560
1960 488 1980 521 8

1840 555 1922 596 1560
1959 554 1979 587 8

1839 621 1921 663 1560
1959 621 1978 653 8

1838 688 1916 729 1561

1838 754 1920 795 1562

1838 820 1920 861 1562

1839 885 1921 926 1566
1959 885 1979 917 8

1813 952 1895 993 1566
1907 953 1947 991 (Ρ)
1959 951 1982 984 8

1839 1028 1919 1069 1567
1958 1028 1978 1061 8

1839 1113 1851 1136 1
1859 1104 1921 1146 568
1958 1104 1982 1137 8¹

1839 1171 1921 1213 1568

1847 1289 1912 1312 1570
1963 1286 1982 1313 4

1847 1387 1913 1412 1570
1963 1384 1982 1412 4⁴

1846 1487 1912 1511 1570
1962 1488 1977 1512 4

1840 1542 1922 1576 1574
1959 1535 1980 1567 8

1839 1608 1922 1643 1579
1959 1601 1980 1634 8

1846 1719 1911 1744 1579
1964 1711 1982 1736 8*

1847 1812 1911 1843 1583
1963 1812 1977 1837 8

1839 1867 1919 1909 1583
1958 1867 1978 1900 8

1961 2013 1982 2043 4.

1841 2271 1906 2303 1564
1959 2270 1982 2296 8<

1843 2376 1907 2407 1565
1959 2378 1982 2408 4‘

1843 2483 1907 2508 1570
1957 2478 1982 2507 ᾤ

1832 2865 1912 2907 1632
1949 2864 1982 2906 4⁶
